@incollection{Backpropagation,
        author = {Rumelhart, David E. and Hinton, Geoffrey E. and Williams, Ronald J.},
        chapter = {Learning Representations by Back-propagating Errors},
        title = {Neurocomputing: Foundations of Research},
        editor = {Anderson, James A. and Rosenfeld, Edward},
        year = {1988},
        pages = {696--699},
        numpages = {4},
        publisher = {MIT Press},
        address = {Cambridge, MA, USA},
} 
